@misc{Industri87:online,
author = {Fortune},
title = {Industrial Automation Market Size, Share | Growth Report [2029]},
howpublished = {\url{https://www.fortunebusinessinsights.com/industry-reports/industrial-automation-market-101589}},
month = {},
year = {2022},
note = {(Accessed on 07/02/2022)}
}

@article{rotaru2021precise,
  title={Precise Event-level Prediction of Urban Crime Reveals Signature of Enforcement Bias},
  author={Rotaru, Victor and Huang, Yi and Li, Timmy and Evans, James and Chattopadhyay, Ishanu},
  year={2021}
}

@misc{Amazon:online,
author = {Jay Greene},
title = {Amazon monitors its warehouse staff, leading to unionization efforts - The Washington Post},
howpublished = {\url{https://www.washingtonpost.com/technology/2021/12/02/amazon-workplace-monitoring-unions/}},
month = {December},
year = {2021},
note = {(Accessed on 07/02/2022)}
}

@misc{jef:online,
author = {Jack Kelly},
title = {A Hard-Hitting Investigative Report Into Amazon Shows That Workers’ Needs Were Neglected In Favor Of Getting Goods Delivered Quickly},
howpublished = {\url{https://www.forbes.com/sites/jackkelly/2021/10/25/a-hard-hitting-investigative-report-into-amazon-shows-that-workers-needs-were-neglected-in-favor-of-getting-goods-delivered-quickly/?sh=27b0270551f5}},
month = {October},
year = {2021},
note = {(Accessed on 07/02/2022)}
}

@ARTICLE{Telkamp2022,
type={ARTICLE},
author={Telkamp, J.B. and Anderson, M.H.},
title={The Implications of Diverse Human Moral Foundations for Assessing the Ethicality of Artificial Intelligence},
journal={Journal of Business Ethics},
year={2022},
volume={NA},
pages={NA},
doi={10.1007/s10551-022-05057-6},
note={cited By 1},
url={https://www.scopus.com/inward/record.uri?eid=2-s2.0-85124730522&doi=10.1007%2fs10551-022-05057-6&partnerID=40&md5=919d2ebdae744cd9f91f178cd6c6b22c},
affiliation={Department of Management and Entrepreneurship, Ivy College of Business, Steve and Becky Smith Management and Marketing Suite, Iowa State University, 2350 Gerdin Business Building, 2167 Union Drive, Ames, IA  50011-2027, United States},
abstract={Organizations are making massive investments in artificial intelligence (AI), and recent demonstrations and achievements highlight the immense potential for AI to improve organizational and human welfare. Yet realizing the potential of AI necessitates a better understanding of the various ethical issues involved with deciding to use AI, training and maintaining it, and allowing it to make decisions that have moral consequences. People want organizations using AI and the AI systems themselves to behave ethically, but ethical behavior means different things to different people, and many ethical dilemmas require trade-offs such that no course of action is universally considered ethical. How should organizations using AIâ€”and the AI itselfâ€”process ethical dilemmas where humans disagree on the morally right course of action? Though a variety of ethical AI frameworks have been suggested, these approaches do not adequately address how people make ethical evaluations of AI systems or how to incorporate the fundamental disagreements people have regarding what is and is not ethical behavior. Drawing on moral foundations theory, we theorize that a person will perceive an organizationâ€™s use of AI, its data procedures, and the resulting AI decisions as ethical to the extent that those decisions resonate with the personâ€™s moral foundations. Since people hold diverse moral foundations, this highlights the crucial need to consider individual moral differences at multiple levels of AI. We discuss several unresolved issues and suggest potential approaches (such as moral reframing) for thinking about conflicts in moral judgments concerning AI. Â© 2022, The Author(s), under exclusive licence to Springer Nature B.V.},
author_keywords={Artificial intelligence;  Ethical AI frameworks;  Moral foundations;  Moral judgment},
keywords={NA},
references={Atari, M., Graham, J., Dehghani, M., Foundations of morality in Iran (2020) Evolution and Human Behavior, 41 (5), pp. 367-384; Awad, E., Dsouza, S., Kim, R., Schulz, J., Henrich, J., Shariff, A., Bonnefon, J.-F., Rahwan, I., The moral machine experiment (2018) Nature, 563 (7729), pp. 59-64; (2020), https://behavioralscientist.org/why-we-should-crowdsource-ai-ethics-and-how-to-do-so-responsibly/, Levine, S, (, September 7), Why we should crowdsource AI ethics (and how to do so responsibly). Behavioral Scientist. Retrieved from; Badaracco, J.L., Jr., (1997) Defining moments: When managers must choose between right and right, , Harvard Business School Press; Bongard, A., Automating talent acquisition: Smart recruitment, predictive hiring algorithms, and the data-driven nature of artificial intelligence (2019) Psychosociological Issues in Human Resource Management, 7 (1), pp. 36-41; Booth, R., (2019) UK Businesses Using Artificial Intelligence to Monitor Staff Activity. the Guardian, , https://www.theguardian.com/technology/2019/apr/07/uk-businesses-using-artifical-intelligence-to-monitor-staff-activity, April 7, Retrieved from; Brown, T.B., Mann, B., Ryder, N., Subbiah, M., Kaplan, J., Dhariwal, P., Neelakantan, A., Winter, C., (2020) Language Models are Few-Shot Learners, , http://arxiv.org/abs/2005.14165, ArXiv, Retrieved from; Clifford, S., Iyengar, V., Cabeza, R., Sinnott-Armstrong, W., Moral foundations vignettes: A standardized stimulus database of scenarios based on moral foundations theory (2015) Behavior Research Methods, 47 (4), pp. 1178-1198; Cook, W., Kuhn, K.M., Off-duty deviance in the eye of the beholder: Implications of moral foundations theory in the age of social media (2021) Journal of Business Ethics, 172 (3), pp. 605-620; Crone, D.L., Laham, S.M., Multiple moral foundations predict responses to sacrificial dilemmas (2015) Personality and Individual Differences, 85, pp. 60-65; Cutter, C., Your next job interview may be with a robot (2018) Wall Street Journal, , https://www.wsj.com/articles/its-time-for-your-job-interview-youll-be-talking-to-yourself-1543418495, November 28, Retrieved from; Dastin, J., (2018) Amazon Scraps Secret AI Recruiting Tool that Showed Bias against Women. Reuters, , https://www.reuters.com/article/us-amazon-com-jobs-automation-insight-idUSKCN1MK08G, October 10, Retrieved from; DoÄŸruyol, B., Alper, S., Yilmaz, O., The five-factor model of the moral foundations theory is stable across WEIRD and non-WEIRD cultures (2019) Personality and Individual Differences, 151, p. 109547; Donaldson, T., Dunfee, T.W., Toward a unified conception of business ethics: Integrative social contracts theory (1994) Academy of Management Review, 19 (2), pp. 252-284; Egorov, M., Kalshoven, K., Pircher Verdorfer, A., Peus, C., Itâ€™s a match: Moralization and the effects of moral foundations congruence on ethical and unethical leadership perception (2020) Journal of Business Ethics, 167 (4), pp. 707-723; Etzioni, A., Moral dialogues (2018) Happiness is the wrong metric: A liberal communitarian response to populism, pp. 65-86. , Etzioni A, (ed), Springer; Fehr, R., Yam, K.C., Dang, C., Moralized leadership: The construction and consequences of ethical leader perceptions (2015) Academy of Management Review, 40 (2), pp. 182-209; Feinberg, M., Willer, R., The moral roots of environmental attitudes (2013) Psychological Science, 24 (1), pp. 56-62; Feinberg, M., Willer, R., Moral reframing: A technique for effective and persuasive communication across political divides (2019) Social and Personality Psychology Compass, 13 (12); Floridi, L., Cowls, J., A unified framework of five principles for AI in society (2019) Harvard Data Science Review; Floridi, L., Cowls, J., Beltrametti, M., Chatila, R., Chazerand, P., Dignum, V., Luetge, C., Vayena, E., AI4peopleâ€”An ethical framework for a good AI society: Opportunities, risks, principles, and recommendations (2018) Minds and Machines, 28 (4), pp. 689-707; Freeman, R.E., (1984) Strategic management: A stakeholder approach, , Pitman; Frey, B.S., Homberg, F., Osterloh, M., Organizational control systems and pay-for-performance in the public service (2013) Organization Studies, 34 (7), pp. 949-972; Gebru, T., Morgenstern, J., Vecchione, B., Vaughan, J.W., Wallach, H., DaumÃ©, I.I.I.H., Crawford, K., (2020) Datasheets for Datasets, , http://arxiv.org/abs/1803.09010, ArXiv, Retrieved from; Gilligan, C., (1982) In a different voice, , Harvard University Press; Gioia, D.A., Pinto fires and personal ethics: A script analysis of missed opportunities (1992) Journal of Business Ethics, 11 (5), pp. 379-389; Glikson, E., Woolley, A.W., Human trust in artificial intelligence: Review of empirical research (2020) Academy of Management Annals, 14 (2), pp. 627-660; Goodwin, D.K., (2005) Team of rivals: The political genius of Abraham Lincoln, , Simon and Schuster; Graham, J., Haidt, J., Koleva, S., Motyl, M., Iyer, R., Wojcik, S.P., Ditto, P.H., Moral foundations theory: The pragmatic validity of moral pluralism (2013) Advances in Experimental Social Psychology, 47, pp. 55-130; Graham, J., Haidt, J., Motyl, M., Meindl, P., Iskiwitch, C., Mooijman, M., Moral foundations theory: On the advantages of moral pluralism over moral monism (2018) Atlas of moral psychology, pp. 211-222. , Gray K, Graham J, (eds), The Guilford Press; Graham, J., Haidt, J., Nosek, B.A., Liberals and conservatives rely on different sets of moral foundations (2009) Journal of Personality and Social Psychology, 96 (5), pp. 1029-1046; Graham, J., Nosek, B.A., Haidt, J., Iyer, R., Koleva, S., Ditto, P.H., Mapping the moral domain (2011) Journal of Personality and Social Psychology, 101 (2), pp. 366-385; Hagendorff, T., The ethics of AI ethics: An evaluation of guidelines (2020) Minds and Machines, 30 (1), pp. 99-120; Haidt, J., The emotional dog and its rational tail: A social intuitionist approach to moral judgment (2001) Psychological Review, 108 (4), pp. 814-834; Haidt, J., (2012) The righteous mind: Why good people are divided by politics and religion, , Penguin; Haidt, J., Graham, J., When morality opposes justice: Conservatives have moral intuitions that liberals may not recognize (2007) Social Justice Research, 20 (1), pp. 98-116; Haidt, J., Joseph, C., Intuitive ethics: How innately prepared intuitions generate culturally variable virtues (2004) Daedalus, 133 (4), pp. 55-66; Henrich, J., Heine, S.J., Norenzayan, A., The weirdest people in the world? (2010) Behavioral and Brain Sciences, 33 (2-3), pp. 61-83; Hobbes, T., (1968) Leviathan. Penguin Books; Huang, M.H., Rust, R., Maksimovic, V., The feeling economy: Managing in the next generation of artificial intelligence (AI) (2019) California Management Review, 61 (4), pp. 43-65; Iyer, R., Koleva, S., Graham, J., Ditto, P., Haidt, J., Understanding libertarian morality: The psychological dispositions of self-identified libertarians (2012) PLoS ONE, 7 (8); Jobin, A., Ienca, M., Vayena, E., The global landscape of AI ethics guidelines (2019) Nature Machine Intelligence, 1 (9), pp. 389-399; Kaplan, A., Haenlein, M., Siri, Siri, in my hand: Whoâ€™s the fairest in the land? On the interpretations, illustrations, and implications of artificial intelligence (2019) Business Horizons, 62 (1), pp. 15-25; Kaplan, A., Haenlein, M., Rulers of the world, unite! The challenges and opportunities of artificial intelligence (2020) Business Horizons, 63 (1), pp. 37-50; Kellogg, K.C., Valentine, M.A., Christin, A., Algorithms at work: The new contested terrain of control (2020) Academy of Management Annals, 14 (1), pp. 366-410; Kohlberg, L., (1969) Stage and sequence: The cognitive-developmental approach to socialization, , Rand McNally; Kohlberg, L., From is to ought: How to commit the naturalistic fallacy and get away with it in the study of moral development (1971) Cognitive development and epistemology, pp. 151-235. , Mischel T, (ed), Academic Press; LeCun, Y., Bengio, Y., Hinton, G., Deep learning (2015) Nature, 521 (7553), pp. 436-444; Lee, I., Shin, Y.J., Machine learning for enterprises: Applications, algorithm selection, and challenges (2020) Business Horizons, 63 (2), pp. 157-170; Leicht-Deobald, U., Busch, T., Schank, C., Weibel, A., Schafheitle, S., Wildhaber, I., Kasper, G., The challenges of algorithm-based HR decision-making for personal integrity (2019) Journal of Business Ethics, 160 (2), pp. 377-392; Martin, K., Ethical implications and accountability of algorithms (2019) Journal of Business Ethics, 160 (4), pp. 835-850; Martin, K., Shilton, K., Smith, J., Business and the ethical implications of technology: Introduction to the symposium (2019) Journal of Business Ethics, 160 (2), pp. 307-317; Mitchell, M.S., Vogel, R.M., Folger, R., Third partiesâ€™ reactions to the abusive supervision of coworkers (2015) Journal of Applied Psychology, 100 (4), pp. 1040-1055; Mittelstadt, B., Principles alone cannot guarantee ethical AI (2019) Nature Machine Intelligence, 1 (11), pp. 501-507; Mooijman, M., Meindl, P., Oyserman, D., Monterosso, J., Dehghani, M., Doris, J.M., Graham, J., Resisting temptation for the good of the group: Binding moral values and the moralization of self-control (2018) Journal of Personality and Social Psychology, 115 (3), pp. 585-599; Morley, J., Floridi, L., Kinsey, L., Elhalal, A., From what to how: An initial review of publicly available AI ethics tools, methods and research to translate principles into practices (2020) Science and Engineering Ethics, 26 (4), pp. 2141-2168; Morse, L., Teodorescu, M.H.M., Awwad, Y., Kane, G.C., Do the ends justify the means? Variation in the distributive and procedural fairness of machine learning algorithms (2021) Journal of Business Ethics; Munoko, I., Brown-Liburd, H.L., Vasarhelyi, M., The ethical implications of using artificial intelligence in auditing (2020) Journal of Business Ethics, 167 (2), pp. 209-234; Murray, A., Rhymer, J., Sirmon, D.G., Humans and technology: Forms of conjoined agency in organizations (2021) Academy of Management Review, 46 (3), pp. 552-571; Neubert, M.J., MontaÃ±ez, G.D., Virtue as a framework for the design and use of artificial intelligence (2020) Business Horizons, 63 (2), pp. 195-204; Newman, D.T., Fast, N.J., Harmon, D.J., When eliminating bias isnâ€™t fair: Algorithmic reductionism and procedural justice in human resource decisions (2020) Organizational Behavior and Human Decision Processes, 160, pp. 149-167; Oâ€™Meara, S., Will China overtake the U.S. in artificial intelligence research? (2019) Scientific American, , https://www.scientificamerican.com/article/will-china-overtake-the-u-s-in-artificial-intelligence-research/, August 24, Retrieved from; Ouchi, W.G., The relationship between organizational structure and organizational control (1977) Administrative Science Quarterly, 22 (1), pp. 95-113; Porr, L., (2020) My GPT-3 Blog Got 26 Thousand Visitors in 2 Weeks, , https://liamp.substack.com/p/my-gpt-3-blog-got-26-thousand-visitors, Retrieved from; Raayoni, G., Gottlieb, S., Manor, Y., Pisha, G., Harris, Y., Mendlovic, U., Haviv, D., Kaminer, I., Generating conjectures on fundamental constants with the Ramanujan Machine (2021) Nature, 590 (7844), pp. 67-73; Rahim, M.A., Toward a theory of managing organizational conflict (2002) International Journal of Conflict Management, 13 (3), pp. 206-235; Rahwan, I., Society-in-the-loop: Programming the algorithmic social contract (2018) Ethics and Information Technology, 20 (1), pp. 5-14; Reynolds, S.J., Moral attentiveness: Who pays attention to the moral aspects of life? (2008) Journal of Applied Psychology, 93 (5), pp. 1027-1041; Seele, P., Dierksmeier, C., Hofstetter, R., Schultz, M.D., Mapping the ethicality of algorithmic pricing: A review of dynamic and personalized pricing (2021) Journal of Business Ethics, 170 (4), pp. 697-719; Shafer-Landau, R., (2014) The fundamentals of ethics, , 3, Oxford University Press; Silver, D., Hubert, T., Schrittwieser, J., Antonoglou, I., Lai, M., Guez, A., Lanctot, M., Hassabis, D., A general reinforcement learning algorithm that masters chess, shogi, and Go through self-play (2018) Science, 362 (6419), pp. 1140-1144; Silver, D., Schrittwieser, J., Simonyan, K., Antonoglou, I., Huang, A., Guez, A., Hubert, T., Hassabis, D., Mastering the game of Go without human knowledge (2017) Nature, 550 (7676), pp. 354-359; Strubell, E., Ganesh, A., McCallum, A., Energy and policy considerations for deep learning in NLP (2019) Proceedings of the 57Th Annual Meeting of the Association for Computational Linguistics, pp. 3645-3650. , Florence, Italy; Vincent, J., OpenAIâ€™s latest breakthrough is astonishingly powerful, but still fighting its flaws (2020) The Verge, , https://www.theverge.com/21346343/gpt-3-explainer-openai-examples-errors-agi-potential, July 30; Wang, Y., Kosinski, M., Deep neural networks are more accurate than humans at detecting sexual orientation from facial images (2018) Journal of Personality and Social Psychology, 114 (2), pp. 246-257; Warren, D.E., Peytcheva, M., Gaspar, J.P., When ethical tones at the top conflict: Adapting priority rules to reconcile conflicting tones (2015) Business Ethics Quarterly, 25 (4), pp. 559-582; Waytz, A., Dungan, J., Young, L., The whistleblowerâ€™s dilemma and the fairnessâ€“loyalty tradeoff (2013) Journal of Experimental Social Psychology, 49 (6), pp. 1027-1033; Wright, S.A., Schultz, A.E., The rising tide of artificial intelligence and business automation: Developing an ethical framework (2018) Business Horizons, 61 (6), pp. 823-832; Yilmaz, O., Harma, M., BahÃ§ekapili, H.G., Cesur, S., Validation of the Moral Foundations Questionnaire in Turkey and its relation to cultural schemas of individualism and collectivism (2016) Personality and Individual Differences, 99, pp. 149-154; Zapko-Willmes, A., Schwartz, S.H., Richter, J., Kandler, C., Basic value orientations and moral foundations: Convergent or discriminant constructs? (2021) Journal of Research in Personality},
correspondence_address1={Telkamp, J.B.; Department of Management and Entrepreneurship, 2350 Gerdin Business Building, 2167 Union Drive, United States; email: jaketelk@iastate.edu},
editor={NA},
publisher={Springer Science and Business Media B.V.},
issn={01674544},
isbn={NA},
language={English},
abbrev_source_title={J. Bus. Ethics},
document_type={Article},
source={Scopus},
number={NA},
art_number={NA},
funding_details={NA},
coden={NA},
pubmed_id={NA},
sponsors={NA},
address={NA},
screened_abstracts={selected},
notes={NA},
}

@misc{WorldRob:online,
author = {World Robotics},
title = {World Robotics 2021 – Service Robots report released - International Federation of Robotics},
howpublished = {\url{https://ifr.org/ifr-press-releases/news/service-robots-hit-double-digit-growth-worldwide}},
month = {Nov},
year = {2021},
note = {(Accessed on 07/01/2022)}
}


%% This BibTeX bibliography file was created using BibDesk.
%% http://bibdesk.sourceforge.net/


%% Created for Lauro Cesar Araujo at 2015-04-27 19:43:45 -0300 


%% Saved with string encoding Unicode (UTF-8) 



@book{ibge1993,
  address       = {Rio de Janeiro},
  author        = {IBGE},
  date-added    = {2013-08-21 13:56:10 +0000},
  date-modified = {2013-08-21 13:56:10 +0000},
  edition       = {3},
  organization  = {http://biblioteca.ibge.gov.br/visualizacao/livros/liv23907.pdf},
  publisher     = {Centro de Documenta{\c c}{\~a}o e Dissemina{\c c}{\~a}o de Informa{\c c}{\~o}es. Funda{\c c}{\~a}o Intituto Brasileiro de Geografia e Estat{\'\i}stica},
  title         = {Normas de apresenta{\c c}{\~a}o tabular},
  urlaccessdate = {21 ago 2013},
  year          = {1993}
}

@misc{abntex2-wiki-como-customizar,
  author        = {Lauro C{\'e}sar Araujo},
  date-added    = {2013-03-23 21:39:21 +0000},
  date-modified = {2015-04-27 22:43:06 +0000},
  howpublished  = {Wiki do abnTeX2},
  keywords      = {wiki},
  title         = {Como customizar o abnTeX2},
  url           = {https://github.com/abntex/abntex2/wiki/ComoCustomizar},
  urlaccessdate = {27 abr 2015},
  year          = {2015},
  bdsk-url-1    = {https://github.com/abntex/abntex2/wiki/ComoCustomizar}
}

@manual{talbot2012,
  author        = {Nicola L.C. Talbot},
  date-added    = {2013-03-11 12:06:04 +0000},
  date-modified = {2013-03-11 12:06:56 +0000},
  month         = {Nov.},
  title         = {User Manual for glossaries.sty},
  url           = {http://mirrors.ctan.org/macros/latex/contrib/glossaries/glossaries-user.pdf},
  urlaccessdate = {11 mar. 2013},
  year          = {2012},
  bdsk-url-1    = {http://mirrors.ctan.org/macros/latex/contrib/glossaries/glossaries-user.pdf}
}

@manual{babel,
  author        = {Johannes Braams},
  date-added    = {2013-02-17 13:37:14 +0000},
  date-modified = {2013-02-17 13:38:38 +0000},
  month         = {Apr.},
  title         = {Babel, a multilingual package for use with LATEX's standard document classes},
  url           = {http://mirrors.ctan.org/info/babel/babel.pdf},
  urlaccessdate = {17 fev. 2013},
  year          = {2008},
  bdsk-url-1    = {http://mirrors.ctan.org/info/babel/babel.pdf}
}

@manual{abntex2modelo-artigo,
  annote        = {Este documento {\'e} derivado do \cite{abnt-bibtex-doc}},
  author        = {Lauro C{\'e}sar Araujo},
  date-added    = {2013-01-15 00:10:35 +0000},
  date-modified = {2015-04-27 22:43:13 +0000},
  organization  = {Equipe abnTeX2},
  title         = {Modelo Can{\^o}nico de Artigo Cient{\'\i}fico com abnTeX2},
  url           = {http://www.abntex.net.br/},
  year          = {2015},
  bdsk-url-1    = {http://www.abntex.net.br/}
}

@manual{abntex2modelo-relatorio,
  annote        = {Este documento {\'e} derivado do \cite{abnt-bibtex-doc}},
  author        = {Lauro C{\'e}sar Araujo},
  date-added    = {2013-01-15 00:05:34 +0000},
  date-modified = {2015-04-27 22:43:18 +0000},
  organization  = {Equipe abnTeX2},
  title         = {Modelo Can{\^o}nico de Relat{\'o}rio T{\'e}cnico e/ou Cient{\'\i}fico com abnTeX2},
  url           = {http://www.abntex.net.br/},
  year          = {2015},
  bdsk-url-1    = {http://www.abntex.net.br/}
}

@manual{abntex2modelo,
  annote        = {Este documento {\'e} derivado do \cite{abnt-bibtex-doc}},
  author        = {Lauro C{\'e}sar Araujo},
  date-added    = {2013-01-12 22:55:32 +0000},
  date-modified = {2015-04-27 22:43:32 +0000},
  organization  = {Equipe abnTeX2},
  title         = {Modelo Can{\^o}nico de Trabalho Acad{\^e}mico com abnTeX2},
  url           = {http://www.abntex.net.br/},
  year          = {2015},
  bdsk-url-1    = {http://www.abntex.net.br/}
}

@mastersthesis{araujo2012,
  address       = {Bras{\'\i}lia},
  author        = {Lauro C{\'e}sar Araujo},
  date-added    = {2013-01-09 11:04:42 +0000},
  date-modified = {2013-01-09 11:04:42 +0000},
  month         = {mar.},
  school        = {Universidade de Bras{\'\i}lia},
  subtitle      = {uma perspectiva de {A}rquitetura da {I}nforma{\c c}{\~a}o da {E}scola de {B}ras{\'\i}lia},
  title         = {Configura{\c c}{\~a}o},
  year          = {2012}
}

@manual{memoir,
  address       = {Normandy Park, WA},
  author        = {Peter Wilson and Lars Madsen},
  date-added    = {2013-01-09 10:37:50 +0000},
  date-modified = {2013-03-21 13:23:25 +0000},
  organization  = {The Herries Press},
  title         = {The Memoir Class for Configurable Typesetting - User Guide},
  url           = {http://mirrors.ctan.org/macros/latex/contrib/memoir/memman.pdf},
  urlaccessdate = {19 dez. 2012},
  year          = {2010},
  bdsk-url-1    = {http://ctan.tche.br/macros/latex/contrib/memoir/memman.pdf}
}

@manual{abntex2cite-alf,
  annote        = {Este documento {\'e} derivado do \cite{abnt-bibtex-alf-doc}},
  author        = {Lauro C{\'e}sar Araujo},
  date-added    = {2013-01-09 10:37:45 +0000},
  date-modified = {2015-04-27 22:43:44 +0000},
  organization  = {Equipe abnTeX2},
  title         = {O pacote abntex2cite: t{\'o}picos espec{\'\i}ficos da ABNT NBR 10520:2002 e o estilo bibliogr{\'a}fico alfab{\'e}tico (sistema autor-data)},
  url           = {http://www.abntex.net.br/},
  year          = {2015},
  bdsk-url-1    = {http://www.abntex.net.br/}
}

@manual{abntex2cite,
  annote        = {Este documento {\'e} derivado do \cite{abnt-bibtex-doc}},
  author        = {Lauro C{\'e}sar Araujo},
  date-added    = {2013-01-09 10:37:45 +0000},
  date-modified = {2015-04-27 22:43:38 +0000},
  organization  = {Equipe abnTeX2},
  title         = {O pacote abntex2cite: Estilos bibliogr{\'a}ficos compat{\'\i}veis com a ABNT NBR 6023},
  url           = {http://www.abntex.net.br/},
  year          = {2015},
  bdsk-url-1    = {http://www.abntex.net.br/}
}

@manual{abntex2classe,
  author        = {Lauro C{\'e}sar Araujo},
  date-added    = {2013-01-09 10:37:38 +0000},
  date-modified = {2015-04-27 22:42:47 +0000},
  organization  = {Equipe abnTeX2},
  title         = {A classe abntex2: Modelo can{\^o}nico de trabalhos acad{\^e}micos brasileiros compat{\'\i}vel com as normas ABNT NBR 14724:2011, ABNT NBR 6024:2012 e outras},
  url           = {http://www.abntex.net.br/},
  year          = {2015},
  bdsk-url-1    = {http://www.abntex.net.br/}
}

@manual{NBR10520:2002,
  address       = {Rio de Janeiro},
  date-added    = {2012-12-15 21:43:38 +0000},
  date-modified = {2013-01-12 22:17:20 +0000},
  month         = {ago.},
  org-short     = {ABNT},
  organization  = {Associa{\c c}\~ao Brasileira de Normas T\'ecnicas},
  pages         = 7,
  subtitle      = {Informa{\c c}\~ao e documenta{\c c}\~ao --- Apresenta{\c c}\~ao de cita{\c c}\~oes em documentos},
  title         = {{NBR} 10520},
  year          = 2002
}

@manual{NBR6024:2012,
  address       = {Rio de Janeiro},
  date-added    = {2012-12-15 21:24:06 +0000},
  date-modified = {2012-12-15 21:24:28 +0000},
  month         = {fev.},
  org-short     = {ABNT},
  organization  = {Associa{\c c}\~ao Brasileira de Normas T\'ecnicas},
  pages         = 4,
  subtitle      = {Numera{\c c}\~ao progressiva das se{\c c}\~oes de um documento},
  title         = {{NBR} 6024},
  year          = 2012
}

@manual{NBR6028:2003,
  address       = {Rio de Janeiro},
  date-added    = {2012-12-15 21:02:12 +0000},
  date-modified = {2012-12-15 21:02:50 +0000},
  month         = {nov.},
  org-short     = {ABNT},
  organization  = {Associa{\c c}\~ao Brasileira de Normas T\'ecnicas},
  pages         = 2,
  subtitle      = {Resumo - Apresenta{\c c}{\~a}o},
  title         = {{NBR} 6028},
  year          = 2003
}

@manual{NBR14724:2001,
  address       = {Rio de Janeiro},
  date-added    = {2012-12-15 20:34:08 +0000},
  date-modified = {2012-12-15 20:34:08 +0000},
  month         = {jul.},
  org-short     = {ABNT},
  organization  = {Associa{\c c}\~ao Brasileira de Normas T\'ecnicas},
  pages         = 6,
  subtitle      = {Informa{\c c}\~ao e documenta{\c c}\~ao --- trabalhos acad\^emicos --- apresenta{\c c}\~ao},
  title         = {{NBR} 14724},
  year          = 2001
}

@manual{NBR14724:2002,
  address       = {Rio de Janeiro},
  date-added    = {2012-12-15 20:34:17 +0000},
  date-modified = {2012-12-15 20:34:17 +0000},
  month         = {ago.},
  org-short     = {ABNT},
  organization  = {Associa{\c c}\~ao Brasileira de Normas T\'ecnicas},
  pages         = 6,
  subtitle      = {Informa{\c c}\~ao e documenta{\c c}\~ao --- trabalhos acad\^emicos --- apresenta{\c c}\~ao},
  title         = {{NBR} 14724},
  year          = 2002
}

@manual{NBR14724:2005,
  address       = {Rio de Janeiro},
  date-added    = {2012-12-15 20:34:08 +0000},
  date-modified = {2012-12-15 20:35:25 +0000},
  month         = {dez.},
  org-short     = {ABNT},
  organization  = {Associa{\c c}\~ao Brasileira de Normas T\'ecnicas},
  pages         = 9,
  subtitle      = {Informa{\c c}\~ao e documenta{\c c}\~ao --- trabalhos acad\^emicos --- apresenta{\c c}\~ao},
  title         = {{NBR} 14724},
  year          = 2005
}

@manual{NBR14724:2011,
  address       = {Rio de Janeiro},
  date-added    = {2012-12-15 20:34:08 +0000},
  date-modified = {2012-12-15 20:35:25 +0000},
  month         = {mar.},
  note          = {Substitui a Ref.~\citeonline{NBR14724:2005}},
  org-short     = {ABNT},
  organization  = {Associa{\c c}\~ao Brasileira de Normas T\'ecnicas},
  pages         = 15,
  subtitle      = {Informa{\c c}\~ao e documenta{\c c}\~ao --- trabalhos acad\^emicos --- apresenta{\c c}\~ao},
  title         = {{NBR} 14724},
  year          = 2011
}

@article{van86,
  author  = {{van}, Gigch, John P. and Leo L. Pipino},
  journal = {Future Computing Systems},
  number  = {1},
  pages   = {71-97},
  title   = {In search for a paradigm for the discipline of information systems},
  volume  = {1},
  year    = {1986}
}

@phdthesis{guizzardi2005,
  address       = {Enschede, The Netherlands},
  author        = {Giancarlo Guizzardi},
  date-added    = {2012-04-23 11:35:28 +0000},
  date-modified = {2012-04-23 11:35:28 +0000},
  school        = {Centre for Telematics and Information Technology, University of Twente},
  title         = {Ontological Foundations for Structural Conceptual Models},
  url           = {http://www.loa.istc.cnr.it/Guizzardi/SELMAS-CR.pdf},
  urlaccessdate = {3 jul. 2011},
  year          = {2005},
  bdsk-url-1    = {http://www.loa.istc.cnr.it/Guizzardi/SELMAS-CR.pdf}
}

@mastersthesis{macedo2005,
  author        = {Fl{\'a}via L. Macedo},
  date-added    = {2012-04-23 11:35:13 +0000},
  date-modified = {2012-04-23 11:35:13 +0000},
  keywords      = {arquitetura da informa{\c c}{\~a}o},
  school        = {Universidade de Bras{\'\i}lia},
  title         = {Arquitetura da Informa{\c c}{\~a}o: aspectos espistemol{\'o}gicos, cient{\'\i}ficos e pr{\'a}ticos.},
  type          = {Disserta{\c c}{\~a}o de Mestrado},
  year          = {2005}
}

@manual{EIA649B,
  address       = {EUA},
  date-added    = {2012-04-23 11:34:59 +0000},
  date-modified = {2012-04-23 11:34:59 +0000},
  keywords      = {norma},
  month         = {June},
  organization  = {TechAmerica},
  title         = {ANSI/EIA 649-B: Configuration Management Standard},
  year          = {2011}
}

@inproceedings{masolo2010,
  author        = {Claudio Masolo},
  booktitle     = {Proceedings of the Twelfth International Conference on the Principles of Knowledge Representation and Reasoning (KR 2010)},
  date-added    = {2012-04-23 11:34:38 +0000},
  date-modified = {2012-04-23 11:34:38 +0000},
  editor        = {Lin, F. and Sattler, U.},
  pages         = {258-268},
  publisher     = {AAAI Press},
  title         = {Understanding Ontological Levels},
  url           = {http://wiki.loa-cnr.it/Papers/kr10v0.7.pdf},
  urlaccessdate = {2 jan. 2012},
  year          = {2010},
  bdsk-url-1    = {http://wiki.loa-cnr.it/Papers/kr10v0.7.pdf}
}

@inbook{guarino1995,
  address       = {Vienna},
  author        = {Nicola Guarino},
  booktitle     = {Philosophy and the Cognitive Science},
  date-added    = {2012-04-23 11:34:29 +0000},
  date-modified = {2012-04-23 11:34:29 +0000},
  editor        = {R. Casati and B. Smith and G. White},
  month         = {Sept.},
  pages         = {443-456},
  publisher     = {Holder-Pivhler-Tempsky},
  title         = {The Ontological Level},
  url           = {http://wiki.loa-cnr.it/Papers/OntLev.pdf},
  urlaccessdate = {2 jan. 2012},
  year          = {1995},
  bdsk-url-1    = {http://wiki.loa-cnr.it/Papers/OntLev.pdf}
}

@incollection{bates2010,
  address       = {New York},
  author        = {Marcia J. Bates},
  booktitle     = {Encyclopedia of Library and Information Sciences},
  date-added    = {2012-04-23 11:34:29 +0000},
  date-modified = {2012-04-23 11:34:29 +0000},
  edition       = {3rd},
  editor        = {Marcia J. Bates and Mary Niles Maack},
  pages         = {2347-2360},
  publisher     = {CRC Press},
  title         = {Information},
  url           = {http://pages.gseis.ucla.edu/faculty/bates/articles/information.html},
  urlaccessdate = {24 out. 2011},
  volume        = {3},
  year          = {2010},
  bdsk-url-1    = {http://pages.gseis.ucla.edu/faculty/bates/articles/information.html}
}

@book{doxiadis1965,
  author        = {Constantinos A. Doxiadis},
  date-added    = {2012-04-23 11:34:20 +0000},
  date-modified = {2012-04-23 11:34:20 +0000},
  publisher     = {Ceira - Coimbra},
  title         = {Arquitetura em Transi{\c c}{\~a}o},
  year          = {1965}
}

@book{dewey1980,
  address       = {New York, NY, USA},
  author        = {John Dewey},
  date-added    = {2012-04-23 11:34:16 +0000},
  date-modified = {2012-04-23 11:34:16 +0000},
  publisher     = {Perigee Books},
  title         = {Art as Experience},
  year          = {1980}
}

